<?xml version="1.0" encoding="UTF-8"?><collection><record><leader>03535ntm a2200433 a 4500</leader><controlfield tag="001">002631723</controlfield><controlfield tag="003">MiAaHDL</controlfield><controlfield tag="005">20190719000000.0</controlfield><controlfield tag="006">m        d        </controlfield><controlfield tag="007">cr bn ---auaua</controlfield><controlfield tag="008">930614s1739    xx            00||  ara d</controlfield><datafield tag="035" ind1=" " ind2=" "><subfield code="a">(MiU)002631723</subfield></datafield><datafield tag="035" ind1=" " ind2=" "><subfield code="a">sdr-miu002631723</subfield></datafield><datafield tag="035" ind1=" " ind2=" "><subfield code="a">(OCoLC)34366205</subfield></datafield><datafield tag="035" ind1=" " ind2=" "><subfield code="a">(RLIN)MIUH93-A74</subfield></datafield><datafield tag="040" ind1=" " ind2=" "><subfield code="a">MiU</subfield><subfield code="c">MiU</subfield><subfield code="e">appm</subfield><subfield code="d">MiU</subfield></datafield><datafield tag="100" ind1="1" ind2=" "><subfield code="6">880-01</subfield><subfield code="a">Isfāqiṣī, Abū al-Qāsim ʻAmr al-Anṣārī.</subfield></datafield><datafield tag="245" ind1="1" ind2="0"><subfield code="6">880-02</subfield><subfield code="a">Hādhihi risālah mushtamilah ʻalá qawāʻid ḥisābīyah wa-aʻmāl handasīyah fī al-ʻamal bi-rubʻ al-juyūb :</subfield><subfield code="k">manuscript,</subfield><subfield code="f">[1739].</subfield></datafield><datafield tag="300" ind1=" " ind2=" "><subfield code="a">1</subfield><subfield code="f">v. ([268] p.) :</subfield><subfield code="b">ill. ;</subfield><subfield code="c">23 cm.</subfield></datafield><datafield tag="500" ind1=" " ind2=" "><subfield code="a">Contains tables and geometrical diagrams.</subfield></datafield><datafield tag="500" ind1=" " ind2=" "><subfield code="a">In Maghribī script.</subfield></datafield><datafield tag="500" ind1=" " ind2=" "><subfield code="a">Text and title rubricated; marginal notes in hand of copyist and others; vol. has edge title.</subfield></datafield><datafield tag="500" ind1=" " ind2=" "><subfield code="a">Date in colophon: bi-tārīkh ʻashar ayyām khalū min shahr Rajab al-fard al-aḥabb sanat 1152 [13 October 1739].</subfield></datafield><datafield tag="500" ind1=" " ind2=" "><subfield code="a">[11] Qāla al-shaykh al-misāḥah tajzīyat al-shayʾ al-majhūl bi-shayʾ maʻlūm, pp. [206-220]; [12] ʻAbd al-Laṭīf ibn Aḥmad al-Dimishqī, Nukhbat al-tuffāḥah ḥāwiyat qawāʻid al-misāḥah, pp. [226-268].</subfield></datafield><datafield tag="500" ind1=" " ind2=" "><subfield code="a">[7] al-Wafāʾī, Risālah ʻalá al-ālah al-musammāh bi-dāʾirat al-muʻaddal, pp. [154-160]; [8] Fāʾidah fī dhikr manāzil al-qamar, pp. [161-166]; [9] Shams al-Dīn Muḥammad ibn Aḥmad al-Mizzī, al-Rawḍāt al-muzhirāt fī al-ʻamal bi-rubʻ al-muqanṭarāt, pp. [174-188]; [10] Badr al-Dīn Muḥammad ibn Muḥammad Sibṭ al-Māridīnī, Hidāyat al-sāʾil ilá al-rubʻ al-kāmil, pp. [189-202];</subfield></datafield><datafield tag="500" ind1=" " ind2=" "><subfield code="a">[5] al-Ḥasan ibn Masʻūd al-Yūsī, Iʻlam innahu lā budda lil-nisbah al-ḥukmīyah bayn al-ṭarfayn al-mawḍūʻ wa-al-maḥmūl an tatakayyaf bi-kayfīyat ḍarūrīyah aw dawām aw iṭlāq aw imkān, pp. [141-147]; [6] ʻIzz al-Dīn ʻAbd al-ʻAzīz ibn Muḥammad al-Wafāʾī, Hādhihi fawāʾid fī al-ʻamal bi-dāʾirat al-muʻaddal, pp. [150-153];</subfield></datafield><datafield tag="500" ind1=" " ind2=" "><subfield code="a">Pp. [2-19]. Bound with: [2] Khulāṣat al-maʻālim ʻalá manẓūmat Ibn Ghānim, pp. [22-97]; [3] Abū Jaʻfar ʻUmar ibn ʻAbd al-Raḥmān al-Tūnisī al-Tūzarī, Maḥṣalat al-maṭlūb fī al-ʻamal bi-rubʻ al-juyūb, pp. [101-132]; [4] Hādhihi risālah fī maʻrifat waḍʻ al-basīṭah wa-waḍʻ qaws al-ʻaṣr fīhā, pp. [133-139];</subfield></datafield><datafield tag="520" ind1=" " ind2=" "><subfield code="a">A treatise on the sine quadrant.</subfield></datafield><datafield tag="530" ind1=" " ind2=" "><subfield code="a">Microfilm available in repository.</subfield></datafield><datafield tag="538" ind1=" " ind2=" "><subfield code="a">Mode of access: Internet.</subfield></datafield><datafield tag="541" ind1=" " ind2=" "><subfield code="d">07/--/36</subfield><subfield code="3">Manuscript</subfield><subfield code="a">McGregor Fund</subfield><subfield code="c">Purchase, 1933/34</subfield><subfield code="h">140 p.t.</subfield></datafield><datafield tag="561" ind1=" " ind2=" "><subfield code="a">Purchased in Cairo, 1933/34. Owners' marks: on p. [1], inscription: thamanuhu 25 kutub al-shaykh Ibn Maḥmūd; on p. [1], manuscript notes in handwriting of Max Meyerhof.</subfield></datafield><datafield tag="650" ind1=" " ind2="0"><subfield code="a">Astronomical instruments</subfield><subfield code="y">Early works to 1800.</subfield></datafield><datafield tag="650" ind1=" " ind2="0"><subfield code="a">Quadrants (Astronomical instruments)</subfield><subfield code="v">Early works to 1800.</subfield></datafield><datafield tag="650" ind1=" " ind2="0"><subfield code="a">Astronomy, Arab</subfield><subfield code="y">Early works to 1800.</subfield></datafield><datafield tag="650" ind1=" " ind2="0"><subfield code="a">Manuscripts, Arabic</subfield><subfield code="z">Michigan</subfield><subfield code="z">Ann Arbor.</subfield></datafield><datafield tag="700" ind1="1" ind2=" "><subfield code="a">Meyerhof, Max,</subfield><subfield code="d">1874-1945,</subfield><subfield code="e">former owner.</subfield></datafield><datafield tag="773" ind1="0" ind2=" "><subfield code="7">unbc</subfield><subfield code="a">Tracy W. McGregor Collection of Arabic, Persian, and Turkish Mathematical and Astronomical Manuscripts.</subfield><subfield code="w">(CStRLIN)MIUH92-A20.</subfield></datafield><datafield tag="880" ind1="1" ind2="0"><subfield code="6">245-02/</subfield><subfield code="a">هذه رسالة مشتملة على قواعد حسابية وأعمال هندسية في العمل بربع الجيوب :</subfield><subfield code="k">manuscript,[].</subfield></datafield><datafield tag="880" ind1="0" ind2=" "><subfield code="6">100-01/</subfield><subfield code="a">أبو القاسم عمر الأنصاري الأسفاقصي.</subfield></datafield><datafield tag="CID" ind1=" " ind2=" "><subfield code="a">002631723</subfield></datafield><datafield tag="DAT" ind1="0" ind2=" "><subfield code="a">20190719102632.0</subfield><subfield code="b">20190719000000.0</subfield></datafield><datafield tag="DAT" ind1="1" ind2=" "><subfield code="a">20190719090653.0</subfield><subfield code="b">2019-07-19T16:10:45Z</subfield></datafield><datafield tag="DAT" ind1="2" ind2=" "><subfield code="a">2015-10-02T18:00:03Z</subfield></datafield><datafield tag="CAT" ind1=" " ind2=" "><subfield code="a">SDR-MIU</subfield><subfield code="d">EX LIBRIS - ALEPH</subfield><subfield code="l">prepare.pl-004-008</subfield></datafield><datafield tag="FMT" ind1=" " ind2=" "><subfield code="a">BK</subfield></datafield><datafield tag="HOL" ind1=" " ind2=" "><subfield code="0">sdr-miu002631723</subfield><subfield code="a">MiU</subfield><subfield code="b">SDR</subfield><subfield code="c">MIU</subfield><subfield code="p">mdp.39015078570283</subfield><subfield code="s">MIU</subfield><subfield code="1">002631723</subfield></datafield><datafield tag="974" ind1=" " ind2=" "><subfield code="b">MIU</subfield><subfield code="c">MIU</subfield><subfield code="d">20190719</subfield><subfield code="s">lit-dlps-dc</subfield><subfield code="u">mdp.39015078570283</subfield><subfield code="y">1739</subfield><subfield code="r">pd</subfield><subfield code="q">bib</subfield><subfield code="t">non-US bib date1 &lt; 1896</subfield></datafield></record></collection>